
@inproceedings{checkoway_comprehensive_2011,
address = {San Francisco, CA, USA},
title = {Comprehensive {Experimental} {Analyses} of {Automotive} {Attack} {Surfaces}},
volume = {4},
booktitle = {{USENIX} {Security} {Symposium}},
publisher = {USENIX Association},
author = {Checkoway, Stephen and McCoy, Damon and Kantor, Brian and Anderson, Danny and Shacham, Hovav and Savage, Stefan and Koscher, Karl and Czeskis, Alexei and Roesner, Franziska and Kohno, Tadayoshi},
year = {2011},
pages = {447--462}
}


@inproceedings{burakova_truck_2016,
	address = {Austin, TX, USA},
	title = {Truck {Hacking}: {An} {Experimental} {Analysis} of the {SAE} {J1939} {Standard}},
	booktitle = {Proceedings of the 10th {USENIX} {Conference} on {Offensive} {Technologies}},
	publisher = {USENIX Association},
	author = {Burakova, Yelizaveta and Hass, Bill and Millar, Leif and Weimerskirch, Andre},
	year = {2016},
	pages = {211--220}
}

@inproceedings{mukherjee_practical_2016,
	address = {Jaipur, Rajasthan, India},
	title = {Practical {DoS} {Attacks} on {Embedded} {Networks} in {Commercial} {Vehicles}},
	booktitle = {International {Conference} on {Information} {Systems} {Security}},
	publisher = {Springer},
	author = {Mukherjee, Subhojeet and Shirazi, Hossein and Ray, Indrakshi and Daily, Jeremy and Gamble, Rose},
	year = {2016},
	pages = {23--42},
}


@inproceedings{mukherjee_towards_2021,
	address = {Online},
	title = {Towards a {Software} {Defined} {Truck}},
	booktitle = {Proceedings of the 31st {Annual} {INCOSE} {International} {Symposium}},
	publisher = {INCOSE},
	author = {Mukherjee, Subhojeet and Daily, Jeremy},
	year = {2021},
	pages = {16}
}


@incollection{tagarev_automotive_2021,
	address = {Cham},
	title = {Automotive {Cybersecurity} {Testing}: {Survey} of {Testbeds} and {Methods}},
	volume = {84},
	booktitle = {Digital {Transformation}, {Cyber} {Security} and {Resilience} of {Modern} {Societies}},
	publisher = {Springer International Publishing},
	author = {Mahmood, Shahid and Nguyen, Hoang Nga and Shaikh, Siraj A.},
	year = {2021},
	pages = {219--243}
}

@inproceedings{Dosovitskiy17,
  title = { {CARLA}: {An} Open Urban Driving Simulator},
  author = {Alexey Dosovitskiy and German Ros and Felipe Codevilla and Antonio Lopez and Vladlen Koltun},
  booktitle = {Proceedings of the 1st Annual Conference on Robot Learning},
  pages = {1--16},
  year = {2017}
}

@INPROCEEDINGS{Reinhardt15,
  author={Reinhardt, Dominik and Güntner, Maximilian and Kucera, Markus and Waas, Thomas and Kühnhauser, Winfried},
  booktitle={10th IEEE International Symposium on Industrial Embedded Systems (SIES)}, 
  title={Mapping CAN-to-ethernet communication channels within virtualized embedded environments}, 
  year={2015},
  pages={1-10},
  publisher={IEEE}
}


@misc{society_of_automotive_engineers_sae_nodate,
	title = {{SAE} {J1939} {Standards} {Collection}},
	url = {https://www.sae.org/standardsdev/groundvehicle/j1939a.htm},
	urldate = {2021-11-09},
	author = {{Society of Automotive Engineers}},
}


@inproceedings{rotermund_requirements_2020,
	title = {Requirements {Analysis} and {Performance} {Evaluation} of {SDN} {Controllers} for {Automotive} {Use} {Cases}},
	booktitle = {2020 {IEEE} {Vehicular} {Networking} {Conference} ({VNC})},
	author = {Rotermund, Randolf and Häckel, Timo and Meyer, Philipp and Korf, Franz and Schmidt, Thomas C.},
	year = {2020},
	pages = {1--8}
}

@inproceedings{grewe_bloomycan_2021,
	title = {{BloomyCAN}: {Probabilistic} {Data} {Structures} for {Software}-defined {Controller} {Area} {Networks}},
	booktitle = {2021 {IEEE} 94th {Vehicular} {Technology} {Conference} ({VTC2021}-{Fall})},
	author = {Grewe, Dennis and Nayak, Naresh and Babu, Deeban and Chen, Wenwen and Schildt, Sebastian and Schroff, Clemens},
	year = {2021},
	pages = {1--6},
}

@techreport{doering_retrofitting_nodate,
	address = {Universit\{{\textbackslash}"a\}t T\{{\textbackslash}"u\}binge},
	title = {Retrofitting {SDN} to classical in-vehicle networks:},
	language = {en},
	author = {Doering, Michael and Wagner, Marco},
	pages = {2}
}


@inproceedings{johanson_relaying_2009,
	title = {Relaying {Controller} {Area} {Network} {Frames} over {Wireless} {Internetworks} for {Automotive} {Testing} {Applications}},
	booktitle = {2009 {Fourth} {International} {Conference} on {Systems} and {Networks} {Communications}},
	author = {Johanson, Mathias and Karlsson, Lennart and Risch, Tore},
	year = {2009},
	pages = {1--5}
}

@inproceedings{florian_polzlbauer_experience_2019,
	address = {MONTREAL, CANADA},
	title = {Experience {Report}: {Lightweight} {Implementation} of a {Controller} {Area} {Network} to {Ethernet} {Gateway}},
	booktitle = {Proceedings of the {Brief} {Presentation} {Track} of the {RTAS}'19 {Conference}},
	publisher = {IEEE},
	author = {{Florian Polzlbauer} and {Allan Tengg}},
	year = {2019}
}



@inproceedings{appel_safety_2020,
	title = {A {Safety} and {Security} {Testbed} for {Assured} {Autonomy} in {Vehicles}},
	booktitle = {Proceedings of the {WCX} {SAE} {World} {Congress} {Experience}},
	author = {Appel, Matthew and Oruganti, Pradeep Sharma and Ahmed, Qadeer and Wilkerson, Jaxon and Sekar, Rubanraj},
	year = {2020},
	pages = {8}
}


@inproceedings{kaiser_implementing_1999,
	title = {Implementing the real-time publisher/subscriber model on the controller area network ({CAN})},
	booktitle = {Proceedings 2nd {IEEE} {International} {Symposium} on {Object}-{Oriented} {Real}-{Time} {Distributed} {Computing} ({ISORC}'99) ({Cat}. {No}.99-61702)},
	author = {Kaiser, J. and Mock, M.},
	year = {1999},
	pages = {172--181}
}


@misc{mathilde_carlier_number_2021,
	title = {Number of vehicles per household in the {United} {States} from 2001 to 2017},
	url = {https://www.statista.com/statistics/551403/number-of-vehicles-per-household-in-the-united-states/},
	urldate = {2022-01-03},
	journal = {Statista},
	author = {{Mathilde Carlier}},
	month = aug,
	year = {2021},
}

@article{welford_62,
author = { B. P. Welford },
title = {Note on a Method for Calculating Corrected Sums of Squares and Products},
journal = {Technometrics},
volume = {4},
number = {3},
pages = {419-420},
year  = {1962},
publisher = {Taylor & Francis},
}








